<record><leader>00000cas a22000007a 4500</leader><controlfield tag="001">13546034</controlfield><controlfield tag="008">860508d18321833pauwr ne      0    0eng d</controlfield><datafield ind1=" " ind2=" " tag="010"><subfield code="a">sn 86053377 </subfield></datafield><datafield ind1=" " ind2=" " tag="040"><subfield code="a">NPX</subfield><subfield code="b">eng</subfield><subfield code="c">NPX</subfield><subfield code="d">NPH</subfield><subfield code="d">OCLCQ</subfield></datafield><datafield ind1=" " ind2=" " tag="042"><subfield code="a">msc</subfield></datafield><datafield ind1="0" ind2="4" tag="245"><subfield code="a">The Columbia spy, and Lancaster &amp; York record.</subfield></datafield><datafield ind1="1" ind2="3" tag="246"><subfield code="a">Columbia spy</subfield></datafield><datafield ind1="1" ind2="3" tag="246"><subfield code="a">Columbia spy, and Lancaster and York record</subfield></datafield><datafield ind1=" " ind2=" " tag="260"><subfield code="a">Columbia, Pa. :</subfield><subfield code="b">John L. Boswell,</subfield><subfield code="c">-1833.</subfield></datafield><datafield ind1=" " ind2=" " tag="300"><subfield code="a">v. ;</subfield><subfield code="c">49-54 cm.</subfield></datafield><datafield ind1=" " ind2=" " tag="310"><subfield code="a">Weekly</subfield></datafield><datafield ind1="1" ind2=" " tag="362"><subfield code="a">Began in 1832.</subfield></datafield><datafield ind1="0" ind2=" " tag="362"><subfield code="a">-v. 4, no. 2 (July 13, 1833) = -whole no. 158.</subfield></datafield><datafield ind1=" " ind2=" " tag="515"><subfield code="a">Issues for &lt;Aug. 18, 1832-May 11, 1833&gt; called also &lt;whole no. 111-149&gt;.</subfield></datafield><datafield ind1=" " ind2=" " tag="588"><subfield code="a">Description based on: Vol. 3, no. 7 (Aug. 18, 1832).</subfield></datafield><datafield ind1=" " ind2=" " tag="752"><subfield code="a">United States</subfield><subfield code="b">Pennsylvania</subfield><subfield code="c">Lancaster</subfield><subfield code="d">Columbia.</subfield></datafield><datafield ind1="0" ind2="0" tag="780"><subfield code="t">Columbia spy, and Lancaster &amp; York County record</subfield><subfield code="w">(DLC)sn 83032184</subfield></datafield><datafield ind1="0" ind2="0" tag="785"><subfield code="t">Columbia spy, and Lancaster and York County record (Columbia, Pa. : 1833)</subfield><subfield code="w">(DLC)sn 86053376</subfield></datafield><datafield ind1="1" ind2=" " tag="029"><subfield code="a">AU@</subfield><subfield code="b">000023602515</subfield></datafield></record>